<collection xmlns="http://www.loc.gov/MARC21/slim">
<record>
  <leader>03191nam0a2200541 i 450 </leader>
  <controlfield tag="001">IT\ICCU\CNCE\075886</controlfield>
  <controlfield tag="005">20150427000000.0</controlfield>
  <datafield tag="012" ind1=" " ind2=" ">
    <subfield code="a">i*tu iss: tum. PaAg (3) 1593 (R)</subfield>
    <subfield code="2">fei</subfield>
    <subfield code="9">1</subfield>
  </datafield>
  <datafield tag="012" ind1=" " ind2=" ">
    <subfield code="a">heer e.te a.es EgPa (3) 1593 (R)</subfield>
    <subfield code="2">fei</subfield>
    <subfield code="9">2</subfield>
  </datafield>
  <datafield tag="012" ind1=" " ind2=" ">
    <subfield code="a">aquo uari m?ro ODOd (3) 1593 (R)</subfield>
    <subfield code="2">fei</subfield>
    <subfield code="9">3</subfield>
  </datafield>
  <datafield tag="100" ind1=" " ind2=" ">
    <subfield code="a">20110421d1593        0itac0103    ba</subfield>
  </datafield>
  <datafield tag="101" ind1=" " ind2=" ">
    <subfield code="a">LAT</subfield>
  </datafield>
  <datafield tag="102" ind1=" " ind2=" ">
    <subfield code="a">IT</subfield>
  </datafield>
  <datafield tag="200" ind1="1" ind2=" ">
    <subfield code="a">℗Io. Baptistae Pinelli Genuensis ℗Carminum liber primus \-tertius! ...</subfield>
  </datafield>
  <datafield tag="210" ind1=" " ind2=" ">
    <subfield code="a">Florentiae</subfield>
    <subfield code="c">in aedibus Philippi Iuntae</subfield>
    <subfield code="d">1593</subfield>
  </datafield>
  <datafield tag="215" ind1=" " ind2=" ">
    <subfield code="a">3 v.</subfield>
    <subfield code="d">4ʻ</subfield>
  </datafield>
  <datafield tag="300" ind1=" " ind2=" ">
    <subfield code="a">V. 3: Florentiae : in aedibus Philippi Iuntae, 1593 (Florentiae : in aedibus Philippi Iuntae, 1593)</subfield>
  </datafield>
  <datafield tag="620" ind1=" " ind2=" ">
    <subfield code="a">IT</subfield>
    <subfield code="d">Firenze</subfield>
  </datafield>
  <datafield tag="700" ind1=" " ind2="1">
    <subfield code="a">Pinelli,</subfield>
    <subfield code="b">Giovanni Battista</subfield>
    <subfield code="3">IT\ICCU\CNCA\008657</subfield>
  </datafield>
  <datafield tag="712" ind1="0" ind2="0">
    <subfield code="a">Giunta, Filippo</subfield>
    <subfield code="c"> &lt;2.&gt;</subfield>
    <subfield code="3">IT\ICCU\CNCT\000109</subfield>
    <subfield code="4">650</subfield>
  </datafield>
  <datafield tag="790" ind1=" " ind2="1">
    <subfield code="a">Pinellus,</subfield>
    <subfield code="b">Ioannes Baptista</subfield>
    <subfield code="3">IT\ICCU\CNCA\022680</subfield>
    <subfield code="z">Pinelli, Giovanni Battista</subfield>
  </datafield>
  <datafield tag="791" ind1="0" ind2="0">
    <subfield code="a">Iunta, Philippus</subfield>
    <subfield code="c"> &lt;2.&gt;</subfield>
    <subfield code="3">IT\ICCU\CNCT\003889</subfield>
    <subfield code="z">Giunta, Filippo &lt;2.&gt;</subfield>
  </datafield>
  <datafield tag="791" ind1="0" ind2="0">
    <subfield code="a">Iuncta, Philippus</subfield>
    <subfield code="c"> &lt;2.&gt;</subfield>
    <subfield code="3">IT\ICCU\CNCT\003890</subfield>
    <subfield code="z">Giunta, Filippo &lt;2.&gt;</subfield>
  </datafield>
  <datafield tag="791" ind1="0" ind2="0">
    <subfield code="a">Giunti, Filippo</subfield>
    <subfield code="c"> &lt;2&gt;</subfield>
    <subfield code="3">IT\ICCU\CNCT\004916</subfield>
    <subfield code="z">Giunta, Filippo &lt;2.&gt;</subfield>
  </datafield>
  <datafield tag="791" ind1="0" ind2="0">
    <subfield code="a">Gionti, Filippo</subfield>
    <subfield code="3">IT\ICCU\CNCT\004918</subfield>
    <subfield code="z">Giunta, Filippo &lt;2.&gt;</subfield>
  </datafield>
  <datafield tag="801" ind1=" " ind2="3">
    <subfield code="a">IT</subfield>
    <subfield code="b">ICCU</subfield>
    <subfield code="c">20201115</subfield>
  </datafield>
  <datafield tag="899" ind1=" " ind2=" ">
    <subfield code="a">Biblioteca universitaria. Bologna</subfield>
    <subfield code="z">MUTILO</subfield>
    <subfield code="1">BO0098</subfield>
    <subfield code="2">UBO BU</subfield>
  </datafield>
  <datafield tag="899" ind1=" " ind2=" ">
    <subfield code="a">Biblioteca del Seminario arcivescovile maggiore. Firenze</subfield>
    <subfield code="z">MUTILO</subfield>
    <subfield code="1">FI0056</subfield>
    <subfield code="2">RT1 QM</subfield>
  </datafield>
  <datafield tag="899" ind1=" " ind2=" ">
    <subfield code="a">Biblioteca civica Berio. Genova</subfield>
    <subfield code="z">MUTILO</subfield>
    <subfield code="1">GE0036</subfield>
    <subfield code="2">SGE BE</subfield>
  </datafield>
  <datafield tag="899" ind1=" " ind2=" ">
    <subfield code="a">Biblioteca universitaria. Genova</subfield>
    <subfield code="z">MUTILO</subfield>
    <subfield code="1">GE0038</subfield>
    <subfield code="2">LIG 01</subfield>
  </datafield>
  <datafield tag="899" ind1=" " ind2=" ">
    <subfield code="a">Accademia Georgica. Treia</subfield>
    <subfield code="z">MUTILO</subfield>
    <subfield code="1">MC0251</subfield>
    <subfield code="2">UMC AG</subfield>
  </datafield>
  <datafield tag="899" ind1=" " ind2=" ">
    <subfield code="a">Biblioteca nazionale Braidense. Milano</subfield>
    <subfield code="z">MUTILO</subfield>
    <subfield code="1">MI0185</subfield>
    <subfield code="2">MIL NB</subfield>
  </datafield>
  <datafield tag="899" ind1=" " ind2=" ">
    <subfield code="a">Biblioteca civica centrale. Monza</subfield>
    <subfield code="z">MUTILO</subfield>
    <subfield code="1">MI0377</subfield>
    <subfield code="2">LO1 97</subfield>
  </datafield>
  <datafield tag="899" ind1=" " ind2=" ">
    <subfield code="a">Biblioteca della Fondazione Collegio S. Carlo. Modena</subfield>
    <subfield code="z">MUTILO</subfield>
    <subfield code="1">MO0057</subfield>
    <subfield code="2">MOD CL</subfield>
  </datafield>
  <datafield tag="899" ind1=" " ind2=" ">
    <subfield code="a">Biblioteca universitaria. Padova</subfield>
    <subfield code="z">MUTILO</subfield>
    <subfield code="1">PD0158</subfield>
    <subfield code="2">PUV 00</subfield>
  </datafield>
  <datafield tag="899" ind1=" " ind2=" ">
    <subfield code="a">Biblioteca Cathariniana. Pisa</subfield>
    <subfield code="z">MUTILO</subfield>
    <subfield code="1">PI0027</subfield>
    <subfield code="2">RT1 QW</subfield>
  </datafield>
  <datafield tag="899" ind1=" " ind2=" ">
    <subfield code="a">Biblioteca universitaria. Pisa</subfield>
    <subfield code="z">MUTILO</subfield>
    <subfield code="1">PI0112</subfield>
    <subfield code="2">PIS R1</subfield>
  </datafield>
  <datafield tag="899" ind1=" " ind2=" ">
    <subfield code="a">Biblioteca Palatina. Parma</subfield>
    <subfield code="z">MUTILO</subfield>
    <subfield code="1">PR0072</subfield>
    <subfield code="2">PAR PA</subfield>
  </datafield>
  <datafield tag="899" ind1=" " ind2=" ">
    <subfield code="a">Biblioteca universitaria. Pavia</subfield>
    <subfield code="z">MUTILO</subfield>
    <subfield code="1">PV0291</subfield>
    <subfield code="2">MIL UP</subfield>
  </datafield>
  <datafield tag="899" ind1=" " ind2=" ">
    <subfield code="a">Biblioteca nazionale centrale. Roma</subfield>
    <subfield code="z">MUTILO</subfield>
    <subfield code="1">RM0267</subfield>
    <subfield code="2">BVE CR</subfield>
  </datafield>
  <datafield tag="899" ind1=" " ind2=" ">
    <subfield code="a">Biblioteca Casanatense. Roma</subfield>
    <subfield code="z">MUTILO</subfield>
    <subfield code="1">RM0313</subfield>
    <subfield code="2">RML 07</subfield>
  </datafield>
  <datafield tag="899" ind1=" " ind2=" ">
    <subfield code="a">Biblioteca civica Ubaldo Mazzini. Fondi antichi. La Spezia</subfield>
    <subfield code="z">MUTILO</subfield>
    <subfield code="1">SP0110</subfield>
    <subfield code="2">LI2 L8</subfield>
  </datafield>
  <datafield tag="911" ind1=" " ind2=" ">
    <subfield code="a">sui front. dei vol. 1 e 3.</subfield>
    <subfield code="9">IT\ICCU\CNCM\000164</subfield>
  </datafield>
  <datafield tag="911" ind1=" " ind2=" ">
    <subfield code="a">sul front. del vol. 2.</subfield>
    <subfield code="9">IT\ICCU\CNCM\000073</subfield>
  </datafield>
  <datafield tag="911" ind1=" " ind2=" ">
    <subfield code="a">in fine.</subfield>
    <subfield code="9">IT\ICCU\CNCM\000422</subfield>
  </datafield>
  <datafield tag="921" ind1=" " ind2=" ">
    <subfield code="a">IT\ICCU\CNCM\000164</subfield>
    <subfield code="b">Giglio fiorentino. In basso iniziale F. In cornice figurata</subfield>
    <subfield code="c">Z655</subfield>
    <subfield code="d">Dimensioni: 4,7 x 6</subfield>
    <subfield code="f">F</subfield>
    <subfield code="f">GIGLIO</subfield>
    <subfield code="g">1563-1600</subfield>
  </datafield>
  <datafield tag="921" ind1=" " ind2=" ">
    <subfield code="a">IT\ICCU\CNCM\000073</subfield>
    <subfield code="b">Giglio fiorentino su un prato; ai lati sono seduti due putti alati che lo guardano.</subfield>
    <subfield code="c">A56</subfield>
    <subfield code="c">V71</subfield>
    <subfield code="c">Z652</subfield>
    <subfield code="d">Dimensioni: 4 x 3,1</subfield>
    <subfield code="f">GIGLIO</subfield>
    <subfield code="f">PRATO</subfield>
    <subfield code="f">PUTTI</subfield>
    <subfield code="g">1573-1600</subfield>
  </datafield>
  <datafield tag="921" ind1=" " ind2=" ">
    <subfield code="a">IT\ICCU\CNCM\000422</subfield>
    <subfield code="b">Giglio fiorentino: ai lati due putti alati tengono un nastro con il motto.</subfield>
    <subfield code="e">In Domino confido</subfield>
    <subfield code="c">A54</subfield>
    <subfield code="c">V69</subfield>
    <subfield code="c">Z651</subfield>
    <subfield code="d">Dimensioni: 6,6 x 6</subfield>
    <subfield code="f">GIGLIO</subfield>
    <subfield code="f">INDOMINOCO</subfield>
    <subfield code="f">PUTTI</subfield>
    <subfield code="g">1566-1598</subfield>
  </datafield>
</record>
</collection>
